@article{burnham2002practical,
  title={A practical information-theoretic approach},
  author={Burnham, Kenneth P and Anderson, David R},
  journal={Model selection and multimodel inference, 2nd ed. Springer, New York},
  year={2002}
}

@article{burnham2004multimodel,
  title={Multimodel inference: understanding AIC and BIC in model selection},
  author={Burnham, Kenneth P and Anderson, David R},
  journal={Sociological methods \& research},
  volume={33},
  number={2},
  pages={261--304},
  year={2004},
  publisher={Sage Publications Sage CA: Thousand Oaks, CA}
}

@article{gompertz1825xxiv,
  title={XXIV. On the nature of the function expressive of the law of human mortality, and on a new mode of determining the value of life contingencies. In a letter to Francis Baily, Esq. FRS \&c},
  author={Gompertz, Benjamin},
  journal={Philosophical transactions of the Royal Society of London},
  number={115},
  pages={513--583},
  year={1825},
  publisher={The Royal Society London}
}

@article{verhulst1838notice,
  title={Notice sur la loi que la population suit dans son accroissement},
  author={Verhulst, Pierre-Fran{\c{c}}ois},
  journal={Corresp. Math. Phys.},
  volume={10},
  pages={113--126},
  year={1838}
}

@article{tjorve2017use,
  title={The use of Gompertz models in growth analyses, and new Gompertz-model approach: An addition to the Unified-Richards family},
  author={Tj{\o}rve, Kathleen MC and Tj{\o}rve, Even},
  journal={PloS one},
  volume={12},
  number={6},
  year={2017},
  publisher={Public Library of Science}
}

@phdthesis{baranyi2011modelling,
  title={Modelling and parameter estimation of bacterial growth with distributed lag time},
  author={Baranyi, J{\'o}zsef},
  year={2011},
  school={szte}
}
@article{juneja2009mathematical,
  title={Mathematical modeling of growth of Salmonella in raw ground beef under isothermal conditions from 10 to 45 C},
  author={Juneja, Vijay K and Melendres, Martin Valenzuela and Huang, Lihan and Subbiah, Jeyamkondan and Thippareddi, Harshavardhan},
  journal={International journal of food microbiology},
  volume={131},
  number={2-3},
  pages={106--111},
  year={2009},
  publisher={Elsevier}
}

@article{baranyi1993non,
  title={A non-autonomous differential equation to model bacterial growth},
  author={Baranyi, J and Roberts, TA and McClure, P},
  journal={Food microbiology},
  volume={10},
  number={1},
  pages={43--59},
  year={1993},
  publisher={Elsevier Science}
}

@article{zwietering1990modeling,
  title={Modeling of the bacterial growth curve},
  author={Zwietering, MH and Jongenburger, Il and Rombouts, FM and Van't Riet, KJAEM},
  journal={Appl. Environ. Microbiol.},
  volume={56},
  number={6},
  pages={1875--1881},
  year={1990},
  publisher={Am Soc Microbiol}
}

@article{buchanan1918life,
  title={Life phases in a bacterial culture},
  author={Buchanan, RE},
  journal={The Journal of Infectious Diseases},
  pages={109--125},
  year={1918},
  publisher={JSTOR}
}

@article{wagenmakers2004aic,
  title={AIC model selection using Akaike weights},
  author={Wagenmakers, Eric-Jan and Farrell, Simon},
  journal={Psychonomic bulletin \& review},
  volume={11},
  number={1},
  pages={192--196},
  year={2004},
  publisher={Springer}
}
@article{10.2307/2291091,
 ISSN = {01621459},
 URL = {http://www.jstor.org/stable/2291091},
 author = {Robert E. Kass and Adrian E. Raftery},
 journal = {Journal of the American Statistical Association},
 number = {430},
 pages = {773--795},
 publisher = {[American Statistical Association, Taylor & Francis, Ltd.]},
 title = {Bayes Factors},
 volume = {90},
 year = {1995}
}
