

@Book{Jones1856,
 author = {Jones, Owen},
  Title   = {The grammar of ornament},
  Publisher= {Day and Son},
  Year   = {1856},
}

@InBook{Brolio2016,
  Title                    = {A mari usque ad mare: cultura visuale e materiale dall'Adriatico al'India. Scritti in memoria di Gianclaudio Macchiarella.},
  Author                   = {Brolio, F. A.},
  Chapter                  = {Adoption and Diffusion of the Ottoman(ized) Style Majolica Outside the Boundaries of the Ottoman Empire},
  Editor                   = {Sara Mondini and Mattia Guidetti},
  Pages                    = {163--170},
  Publisher                = {Edizioni Ca' Foscari},
  Year                     = {2016},
}

@Article{Brolio2013,
  Title                    = {Some new directions on the study of the Italian majolica pottery ``a la Turchesca''known as ``Candiana''},
  Author                   = {Brolio, F. A.},
  Journal                  = {TheMA: Open Access Research Journal for Theatre, Music, Arts},
  Year                     = {2013},
  Pages                    = {37--50},
}



@article{Tehrani2009,
title = "On the relationship between interindividual cultural transmission and population-level cultural diversity: a case study of weaving in Iranian tribal populations",
journal = "Evolution and Human Behavior",
volume = "30",
number = "4",
pages = "286 - 300.e2",
year = "2009",
author = "Jamshid J. Tehrani and Mark Collard",

}


@Book{Goodyear1891,
 author = {Goodyear, W. H.},
  Title   = {The grammar of the lotuses},
  Publisher= {Sampson, Low, Marston},
  Year   = {1891},
}
@Book{Haddon1895,
 author = {Haddon, A. C.},
  Title   = {Evolution in Art},
  Publisher= {Walter Scott},
  Year   = {1895},
}
@Book{Pitt1906,
 author = {Pitt-Rivers, A.},
  Title   = {The evolution of culture and other essays},
  Publisher= {Oxford University Press},
  Year   = {1906},
}
@article{Yenis2004,
 author = {Filiz Yenisehirliouglu},
 journal = {Muqarnas},
 pages = {373--382},
 publisher = {Brill},
 title = {Ottoman Ceramics in European Contexts},
 volume = {21},
 year = {2004}
}


@Book{Riegl1992,
 author = {Riegl, Alois},
  Title   = {Problems of style: foundations for a history of ornament},
  Publisher= {Princeton University Press},
  Year   = {1893/1992},
}

@Book{Trilling2001,
 author = {Trilling, James},
  Title   = {The language of ornament},
  Publisher= {Thames \& Hudson},
  Year   = {2001},
}

@Book{Gombrich1994,
 author = {Gombrich, E. H.},
  Title   = {The sense of order: a study in the psychology of decorative art },
  Publisher= {Phaidon},
  Year   = {1994},
}


@Book{Atasoy1994,
 author = {Nurhan Atasoy and Julian Raby},
  Title   = {Iznik: pottery of Ottoman Turkey},
  Publisher= {Laurence King },
  Year   = {1994},
}





@article{Nobis2004,
author = {Nobis, Michael and Wohlgemuth, Thomas},
title = {Trend words in ecological core journals over the last 25 years (1978--2002)},
journal = {Oikos},
volume = {106},
number = {2},
year={2004},
pages = {411-421},
}



@article{mitrache2012ornamental,
  title={Ornamental art and architectural decoration},
  author={Mitrache, Anca},
  journal={Procedia-Social and Behavioral Sciences},
  volume={51},
  pages={567--572},
  year={2012},
  publisher={Elsevier}
}
@article{zerner1976alois,
  title={Alois Riegl: art, value, and historicism},
  author={Zerner, Henri},
  journal={Daedalus},
  pages={177--188},
  year={1976},
  publisher={JSTOR}
}
@article{carroll1999could,
  title={Could've been a contender: The making and breaking of “China” in the Ottoman Empire},
  author={Carroll, Lynda},
  journal={International Journal of Historical Archaeology},
  volume={3},
  number={3},
  pages={177--190},
  year={1999},
  publisher={Springer}
}
@article{berry2011computational,
  title={The computational turn: Thinking about the digital humanities},
  author={Berry, David},
  journal={Culture machine},
  volume={12},
  year={2011},
  publisher={Open Humanities Press}
}

@Book{Atasoy1994,
 author = {Nurhan Atasoy and Julian Raby},
  Title   = {Iznik: pottery of Ottoman Turkey},
  Publisher= {Laurence King },
  Year   = {1994},
}

